@online{BenEater,
  title    = {Ben Eater - About},
  url      = {https://eater.net/about},
  addendum = {(accessed: 31.12.2023)}
}
@online{CCA_OpenRedstone,
  title    = {The CCA - Carry-Cancel Adder},
  url      = {https://forum.openredstone.org/thread-5493.html},
  addendum = {(accessed: 0.7.11.2023)}
}
@book{Computer_Architecture,
  author    = {John L. Hennessy, David A. Patterson},
  title     = {Computer Architecture, A Quantitative Approach},
  publisher = {Morgan Kaufman, Elsevier Inc.},
  year      = {2019},
  edition   = {Sixth}
}
@book{danger_sign,
  author    = {Yale N. Patt, Sanjay J. Patel},
  title     = {introduction to computing systems},
  publisher = {McGrawHill},
  year      = {2019},
  edition   = {Third}
}
@online{FibonacciSpiral,
  title    = {Coding Adventure: Boids},
  url      = {https://www.youtube.com/watch?v=bqtqltqcQhw},
  addendum = {(accessed: 26.12.2023)}
}
@online{InstrTable_Agner,
  title    = {Instruction Tables - Agner},
  url      = {https://www.agner.org/optimize/instruction_tables.pdf},
  addendum = {(accessed: 27.12.2023)}
}
@online{LogMap_Wiki,
  title    = {Logistic Map},
  url      = {https://en.wikipedia.org/wiki/Logistic_map},
  addendum = {(accessed: 27.12.2023)}
}
@online{RCC_Wiki,
  title    = {4-bit Ripple Carry Adder},
  url      = {https://en.m.wikipedia.org/wiki/File:4-bit_ripple_carry_adder.svg},
  addendum = {(accessed: 06.11.2023)}
}